@misc{vibloMVC,
	author       = {Lê Văn Thọ},
	title        = {Tất tần tật về mô hình MVC},
	year         = {2019},
	howpublished = {\url{https://viblo.asia/p/tat-tan-tat-ve-mo-hinh-mvc-Rk74avjAJeO}},
	note         = {Truy cập ngày 27/06/2025}
}

@misc{topdevNodejs,
	author       = {TopDev},
	title        = {Node.js là gì? Tại sao lập trình viên nên học Node.js},
	year         = {2021},
	howpublished = {\url{https://topdev.vn/blog/node-js-la-gi/}},
	note         = {Truy cập ngày 27/06/2025}
}

@book{goalkickerReactJS,
	title        = {React JS Notes for Professionals},
	author       = {{GoalKicker.com}},
	year         = {2018},
	publisher    = {GoalKicker.com},
	note         = {Available at \url{https://books.goalkicker.com/ReactJSBook/}},
	url          = {https://books.goalkicker.com/ReactJSBook/}
}

@book{goalkickerNodeJS,
	title        = {Node.js Notes for Professionals},
	author       = {{GoalKicker.com}},
	year         = {2018},
	publisher    = {GoalKicker.com},
	note         = {Available at \url{https://books.goalkicker.com/NodeJSBook/}},
	url          = {https://books.goalkicker.com/NodeJSBook/}
}
